@article{dijkstra1968,
  title={Go to statement considered harmful},
  author={Dijkstra, Edsger W},
  journal={Communications of the {ACM}},
  volume={11},
  number={3},
  pages={147--148},
  year={1968}
}

@article{Larus2008,
issn = {00010782},
doi = {10.1145/1364782.1364800},
url = {https://doi.org/10.1145/1364782.1364800},
x-note = {Available at: \url{https://doi.org/10.1145/1364782.1364800}},
year = {2018},
publisher = {{ACM}},
volume={51},
number={7},
pages={80--88},
author = {Larus, James and Kozyrakis, Christos},
title = {Is TM the Answer for Improving Parallel Pro-gramming?},
journal = {Communications of the {ACM}}
}

@article{darpa:exascale,
 author = {Kogge, Peter and Borkar, S and Campbell, Dan and Carlson, William and Dally, William and Denneau, Monty and Franzon, Paul and Harrod, William and Hiller, Jon and Keckler, Stephen and Klein, Dean and Lucas, Robert},
 year = {2008},
 month = {01},
 pages = {},
 title = {ExaScale Computing Study: Technology Challenges in Achieving Exascale Systems},
 volume = {15},
 journal = {Defense Advanced Research Projects Agency Information Processing Techniques Office (DARPA IPTO), Techinal Representative}
}

@article{greencomputingacm,
author = {Kurp, Patrick},
title = {Green Computing},
year = {2008},
issue_date = {October 2008},
publisher = {Association for Computing Machinery},
address = {New York, NY, USA},
volume = {51},
number = {10},
issn = {0001-0782},
url = {https://doi.org/10.1145/1400181.1400186},
doi = {10.1145/1400181.1400186},
journal = {Commun. ACM},
month = oct,
pages = {11–13},
numpages = {3}
}

@article{mppa2562013,
author = {Dinechin, Benoît and Massas, Pierre and Lager, Guillaume and Léger, Clément and Orgogozo, Benjamin and Reybert, Jérôme and Strudel, Thierry},
year = {2013},
month = {12},
pages = {1654-1663},
title = {A Distributed Run-Time Environment for the Kalray MPPA®-256 Integrated Manycore Processor},
volume = {18},
journal = {Procedia Computer Science},
doi = {10.1016/j.procs.2013.05.333}
}

@article{olofsson2014,
author = {Olofsson, Andreas and Nordström, Tomas and Ul-Abdin, Zain},
year = {2014},
month = {12},
pages = {},
title = {Kickstarting High-performance Energy-efficient Manycore Architectures with Epiphany},
volume = {2015},
journal = {Conference Record - Asilomar Conference on Signals, Systems and Computers},
doi = {10.1109/ACSSC.2014.7094761}
}

@article{fu2016sunway,
author = {Fu, Haohuan and Liao, Junfeng and Yang, Jinzhe and Wang, Lanning and Song, Zhenya and Huang, Xiaomeng and Yang, Chao and Xue, Wei and Liu, Fangfang and Qiao, Fang-Li and Zhao, Wei and Yin, Xunqiang and Hou, Chaofeng and Zhang, Chenglong and Ge, Wei and Zhang, Jian and Wang, Yangang and Zhou, Chunbo and Yang, Guangwen},
year = {2016},
month = {07},
pages = {072001:1-16},
title = {The Sunway TaihuLight supercomputer: system and applications},
volume = {59},
journal = {Sciece China. Information Sciences},
doi = {10.1007/s11432-016-5588-7}
}

@book{TanenbaumMordenOS,
author = {Tanenbaum, Andrew S. and Bos, Herbert},
title = {Modern Operating Systems},
year = {2014},
isbn = {013359162X},
publisher = {Prentice Hall Press},
address = {USA},
edition = {4th}
}
