@conference{Penna2018,
  author       = {Penna and others},
  title        = {An Operating System Service for Remote Memory Accesses in Low-Power NoC-Based Manycores},
  booktitle    = {12th IEEE/ACM International Symposium on Networks-on-Chip},
  year         = 2018,
  address      = {Torino, Italy},
}
@article{sunway:2016,
    Author = {Fu, Haohuan and others},
    Doi = {10.1007/s11432-016-5588-7},
    Journal = {{SCIENCE} {CHINA} Information Sciences},
    Number = {7},
    Pages = {1--16},
    Title = {The Sunway TaihuLight Supercomputer: System and Applications},
    Volume = {59},
    Year = {2016},
    Bdsk-Url-1 = {https://dx.doi.org/10.1007/s11432-016-5588-7}
}
@inproceedings{Podesta2018,
  Author       = {Podest√° and others},
  Doi          = {10.13140/RG.2.2.13022.08000},
  Title        = {Energy Efficient Stencil Computations on the Low-Power Manycore MPPA-256 Processor},
  Booktitle    = {international European Conference on Parallel and Distributed Computing (Euro-Par)},
  Pages        = {642-655},
  Adress       = {Turin, Italy},
  Year         = {2018}
}
@article{Castro-Souza-CCPE:2016,
author = {Souza and others},
doi = {10.1002/cpe.3892},
issn = {1532-0634},
journal = {Concurrency and Computation: Practice and Experience},
number = {4},
pages = {e3892},
title = {{CAP Bench: A Benchmark Suite for Performance and Energy Evaluation of Low-power Many-core Processors}},
volume = {29},
year = {2016}
}

@inproceedings{Olofsson2014,
    author    = {Olofsson and others},
    booktitle = {Asilomar Conf. on Signals, Systems and Computers},
    doi       = {10.1109/ACSSC.2014.7094761},
    isbn      = {978-1-4799-8297-4},
    month     = {nov},
    pages     = {1719--1726},
    publisher = {IEEE},
    title     = {Kickstarting high-performance energy-efficient manycore architectures with Epiphany},
    year      = {2014}
}

@inproceedings{Hascoet2017,
    address   = {New York, New York, USA},
    author    = {Hasco{\"{e}}t and others},
    booktitle = {Proceedings of the 15th IEEE/ACM Symp. on Embedded Systems for Real-Time Multimedia  - ESTIMedia '17},
    doi       = {10.1145/3139315.3139318},
    isbn      = {9781450351171},
    pages     = {51--60},
    publisher = {ACM Press},
    title     = {Asynchronous one-sided communications and synchronizations for a clustered manycore processor},
    year      = {2017}
}


@inproceedings{MPPA-2:2013,
    address = {Barcelona, Spain},
    author = {de Dinechin and others},
    booktitle = {International Conference on Computational Science (ICCS)},
    pages = {1654--1663},
    publisher = {Elsevier},
    title = {{A Distributed Run-Time Environment for the Kalray MPPA-256 Integrated Manycore Processor}},
    volume = {18},
    year = {2013}
}